% Citace - https://www.scribbr.com/citation/generator/

%USED
@online{Vue.js,
	title = {Vue.js},
	url = {https://vuejs.org/guide/essentials/application.html},
}

%USED
@misc{Nuxt3-Crash-Course,
	author = {{Net Ninja}},
	date = {2022-10-31},
	title = {Nuxt 3 Crash Course 1 - What is Nuxt?},
	url = {https://www.youtube.com/watch?v=GBdO5myZNsQ},
    note = {YouTube video}
}

%USED
@online{NUXT,
	title = {NUXT: The Intuitive Vue Framework},
	url = {https://nuxt.com/},
}

%USED
@online{Supabase-Middleware-fix,
	author = {AmritKhalsa},
	title = {Supabase redirecting all requests to /login Issue 16551 supabase/supabase},
	url = {https://github.com/supabase/supabase/issues/16551},
}

%USED
@online{Tailwind-CSS,
	title = {Tailwind CSS},
	url = {https://tailwindcss.com/docs/},
}

%USED
@online{guest-logged-in-access-Chat,
	title = {ChatGPT - guest and logged-in access},
	url = {https://chatgpt.com/share/6748872c-7bf8-800f-a04f-bde2dd7dbda8},
}

%USED
@misc{libraries-on-EVERY-project,
	author = {{LearnVue}},
	date = {2024-10-10},
	title = {8 libraries I use on EVERY project},
	url = {https://www.youtube.com/watch?v=_GrdYoO3h0g},
    note = {YouTube video}
}

%USED
@online{Roboto,
	title = {Roboto - Google Fonts},
	url = {https://fonts.google.com/specimen/Roboto},
}

%USED
@online{EpochConverter,
	title = {Epoch Converter},
	url = {https://www.epochconverter.com/},
}

%USED
@misc{sidebar,
	author = {{Justin Brooks}},
	date = {2021-05-31},
	title = {Animated Navbar using CSS, Vue and Vue Router},
	url = {https://www.youtube.com/watch?v=CfTvye31Ad0},
    note = {YouTube video}
}

%USED
@misc{Nuxt-Auth,
	author = {{John Komarnicki}},
	date = {2023-06-14},
	title = {Easily add authentication with NUXT 3 + Supabase},
	url = {https://www.youtube.com/watch?v=yO-JMkjc4oo},
    note = {YouTube video}
}

%USED
@online{NUXT-UI,
	title = {Notification - Nuxt UI},
	url = {https://ui.nuxt.com/components/notification},
}

@online{OnMounted-Chat,
	title = {ChatGPT - OnMounted vs Direct Execution},
	url = {https://chatgpt.com/share/6783ef97-2fd8-800f-ad2f-ff2d1cefde39},
}

%USED
@online{NuxtImport-Fix,
	title = {How do I fix "the requested module does not provide an export named 'default'"?},
	url = {https://stackoverflow.com/questions/70475635/how-do-i-fix-the-requested-module-does-not-provide-an-export-named-default},
}

%USED
@online{ColorPicker-module,
	title = {Nuxt-Color-Picker · Nuxt Modules},
	url = {https://nuxt.com/modules/nuxt-color-picker},
}

%USED
@online{Mozzila-UTC,
	date = {2025-02-11},
	title = {Date.UTC() - JavaScript | MDN},
	url = {https://developer.mozilla.org/en-US/docs/Web/JavaScript/Reference/Global_Objects/Date/UTC.},
}

%USED
@online{UTC-bugfix,
	title = {Date.UTC() for years between 0-100},
	url = {https://stackoverflow.com/questions/7766122/date-utc-for-years-between-0-100},
}

%USED
@online{Quill-lib,
	title = {Formats - Quill Rich Text Editor},
	url = {https://quilljs.com/docs/formats},
}

%USED
@online{Colors-tailwind,
	title = {Colors - Core concepts},
	url = {https://tailwindcss.com/docs/colors},
}

%USED
@online{Hex-Color-tailwind,
	title = {Tailwind Color Palette},
	url = {https://tailwindcolor.com/},
}

%USED
@online{Pinia-store,
	title = {Pinia | The intuitive store for Vue.js},
	url = {https://pinia.vuejs.org/},
}

%USED
@online{Favicon,
	date = {2024-08-13},
	title = {How to add a Favicon to your Nuxt 3 project - Favicon.im blog},
	url = {https://favicon.im/blog/add-favicon-to-nuxt3-project},
}

%USED
@online{Vue-timeline-chart,
	title = {Types | Vue Timeline chart},
	url = {https://laurens94.github.io/vue-timeline-chart/reference/types.html},
}


%USED
@online{Icons-pack,
	title = {Icônes},
	url = {https://icones.js.org/collection/heroicons},
}

%USED
@online{Supabase,
	title = {Supabase | the open source Firebase alternative},
	url = {https://supabase.com/},
}

%USED
@online{important-css,
	title = {How to overwrite css style},
	url = {https://stackoverflow.com/questions/13117126/how-to-overwrite-css-style},
}


%USED
@online{gyarab-github,
	author = {Jiří Petřík, Gyarab},
	title = {GitHub - gyarab/2024-4e-petrik-Tempora: Tempora - nástroj pro tvorbu a vizualizaci interaktivních časových os},
	url = {https://github.com/gyarab/2024-4e-petrik-Tempora},
}

%USED
@online{jsonb,
	author = {given-i=A, given=Antonello, family=Zanini},
	date = {2025-02-03},
	title = {JSON vs JSONB - A complete comparison},
	url = {https://www.dbvis.com/thetable/json-vs-jsonb-in-postgresql-a-complete-comparison/},
}

%USED
@online{literatura-wiki,
	author = {{Přispěvatelé projektů Wikimedia}},
	date = {2024-01-07},
	title = {Česká literatura v letech 1900–1945},
	url = {https://cs.wikipedia.org/wiki/%C4%8Cesk%C3%A1_literatura_v_letech_1900%E2%80%931945},
}

%USED
@online{archeologie-pravek,
	author = {Národní muzeum},
	title = {Přehled pravěkých období na našem území},
	url = {https://www.archeologienadosah.cz/o-archeologii/chronologie/prehled-pravekych-obdobi-na-nasem-uzemi/},
}


@online{ngrok,
	author = {{ngrok}},
	title = {ngrok | API Gateway, Kubernetes Networking + Secure Tunnels},
	url = {https://ngrok.com/},
}